@article{fakeref,
	Author = {Author, Name and OtherAuthor, OtherName},
	Journal = {Prestigious Journal},
	Number = {1},
	Pages = {1--10},
	Title = {{A Fake Journal Article}},
	Volume = {1},
	Year = {2017}}
